<collection xmlns="http://www.loc.gov/MARC21/slim"><record><leader>00789nam  2200205   450</leader><controlfield tag="001">845</controlfield><controlfield tag="003">http://montalegre.opacnet.com/OPAC/default.aspx?ContentAreaControl=ShowRegHoldings.ascx&amp;RegNo=16662</controlfield><datafield tag="100" ind1=" " ind2=" "><subfield code="a">20061013d1981    m  y0pory010305  ba</subfield></datafield><datafield tag="101" ind1="0" ind2=" "><subfield code="a">por</subfield></datafield><datafield tag="102" ind1=" " ind2=" "><subfield code="a">PT</subfield></datafield><datafield tag="200" ind1="1" ind2=" "><subfield code="a">Selecta para jovens</subfield><subfield code="f">Gilberto Freyre</subfield><subfield code="g">Colab. de Maria Elisa Dias Collier</subfield><subfield code="g">Introd. de Luís Forjaz Trigueiros</subfield></datafield><datafield tag="210" ind1=" " ind2=" "><subfield code="a">Lisboa</subfield><subfield code="c">Livros do Brasil</subfield><subfield code="d">[D.L. 1981]</subfield></datafield><datafield tag="215" ind1=" " ind2=" "><subfield code="a">277, [10] p.</subfield><subfield code="d">22 cm</subfield></datafield><datafield tag="225" ind1="2" ind2=" "><subfield code="a">Coleção Livros do Brasil</subfield><subfield code="v">94</subfield></datafield><datafield tag="675" ind1=" " ind2=" "><subfield code="a">087.5</subfield></datafield><datafield tag="700" ind1=" " ind2="1"><subfield code="a">Freyre</subfield><subfield code="b">Gilberto</subfield><subfield code="f">1900-1987</subfield><subfield code="3">42749</subfield></datafield><datafield tag="702" ind1=" " ind2="1"><subfield code="a">Collier</subfield><subfield code="b">Maria Elisa Dias</subfield><subfield code="4">070</subfield><subfield code="3">1197752</subfield></datafield><datafield tag="702" ind1=" " ind2="1"><subfield code="a">Trigueiros</subfield><subfield code="b">Luís Forjaz</subfield><subfield code="f">1915-2000</subfield><subfield code="4">080</subfield><subfield code="3">44614</subfield></datafield><datafield tag="801" ind1=" " ind2="0"><subfield code="a">PT</subfield><subfield code="b">Biblioteca Municipal de Montalegre</subfield><subfield code="g">RPC</subfield></datafield><datafield tag="856" ind1=" " ind2=" "><subfield code="u">locateMedia.asp?cod=20060626171531&amp;ext=jpg</subfield><subfield code="z">CAPA</subfield></datafield><datafield tag="909" ind1="&#9;" ind2=" "><subfield code="a">1</subfield></datafield><datafield tag="966" ind1=" " ind2=" "><subfield code="a">0003403</subfield><subfield code="l">BMM</subfield><subfield code="s">SJ 087.5 FRE sel 94</subfield></datafield></record></collection>